<?xml version="1.0" encoding="UTF-8"?><record xmlns="http://www.loc.gov/MARC21/slim" xmlns:cinclude="http://apache.org/cocoon/include/1.0" xmlns:zs="http://www.loc.gov/zing/srw/">
  <leader>00618cz  a2200157n  4500</leader>
  <controlfield tag="001">n  84046744 </controlfield>
  <controlfield tag="003">DLC</controlfield>
  <controlfield tag="005">20130312082351.0</controlfield>
  <controlfield tag="008">840822n| azannaab           |a aaa     c</controlfield>
  <datafield tag="010" ind1=" " ind2=" ">
    <subfield code="a">n  84046744 </subfield>
  </datafield>
  <datafield tag="040" ind1=" " ind2=" ">
    <subfield code="a">WMUW</subfield>
    <subfield code="b">eng</subfield>
    <subfield code="e">rda</subfield>
    <subfield code="c">DLC</subfield>
    <subfield code="d">DLC</subfield>
  </datafield>
  <datafield tag="100" ind1="1" ind2=" ">
    <subfield code="a">Bernardi, Steffano,</subfield>
    <subfield code="d">approximately 1585-1636.</subfield>
    <subfield code="t">Madrigaletti con alcune sonate</subfield>
  </datafield>
  <datafield tag="400" ind1="1" ind2=" ">
    <subfield code="a">Bernardi, Steffano,</subfield>
    <subfield code="d">approximately 1585-1636.</subfield>
    <subfield code="t">Madrigals,</subfield>
    <subfield code="n">op. 12</subfield>
  </datafield>
  <datafield tag="400" ind1="1" ind2=" ">
    <subfield code="w">nnea</subfield>
    <subfield code="a">Bernardi, Steffano,</subfield>
    <subfield code="d">ca. 1585-1636.</subfield>
    <subfield code="t">Madrigaletti con alcune sonate</subfield>
  </datafield>
  <datafield tag="670" ind1=" " ind2=" ">
    <subfield code="a">His Three canzonas from opus 12, c1983.</subfield>
  </datafield>
  <datafield tag="670" ind1=" " ind2=" ">
    <subfield code="a">New Grove</subfield>
    <subfield code="b">(Madrigaletti, 2-3vv, con, alcune sonate, op. 12)</subfield>
  </datafield>
</record>